%%%%%%%%%%%%%%%%%%%%%%%%%%%%%%%%%%%%%%%%%%%%%%%%%%%%%%%%%%%%%%%%%%%%%%%%%%%%%%%%%%
%%																				%%
%% File name: 		bibliography.bib											%%
%% Project name:	Applications in Deep Learning								%%
%% Type of work:	Advanced Seminar											%%
%% Author:			Hannes Bohnengel											%%
%% Mentor:			Debayan Roy													%%
%% Date:			22 May 2017													%%
%% University:		Technical University of Munich								%%
%% Comments:		Created in texstudio with tab width = 4						%%
%%																				%%
%%%%%%%%%%%%%%%%%%%%%%%%%%%%%%%%%%%%%%%%%%%%%%%%%%%%%%%%%%%%%%%%%%%%%%%%%%%%%%%%%%

@INPROCEEDINGS{boros:robust,
	author		= {Boro\c{s}, Tiberiu and Dumitrescu, Stefan Daniel},
	title 		= {Robust Deep-learning Models for Text-to-speech Synthesis Support on Embedded Devices},
	booktitle 	= {Proceedings of the 7th International Conference on Management of Computational and Collective intElligence in Digital EcoSystems},
	series 		= {MEDES '15},
	year 		= {2015},
	isbn 		= {978-1-4503-3480-8},
	location 	= {Caraguatatuba, Brazil},
	pages 		= {98--102},
	numpages 	= {5},
	url 		= {http://doi.acm.org.eaccess.ub.tum.de/10.1145/2857218.2857234},
	doi 		= {10.1145/2857218.2857234},
	acmid 		= {2857234},
	publisher 	= {ACM},
	address 	= {New York, NY, USA},
} 

@INPROCEEDINGS{zen:deepstatistical,
	author		= {Zen, Heiga and Senior, Andrew and Schuster, Mike},
	title		= {Statistical parametric speech synthesis using deep neural networks},
	booktitle	= {2013 IEEE International Conference on Acoustics, Speech and Signal Processing},
	year		= {2013},
	pages		= {7962-7966},
	doi			= {10.1109/ICASSP.2013.6639215},
	ISSN		= {1520-6149},
	month		= {May},
}

@INPROCEEDINGS{wu:deep,
	author		= {Wu, Zhizheng and Valentini-Botinhao, Cassia and Watts, Oliver and King, Simon},
	booktitle	= {2015 IEEE International Conference on Acoustics, Speech and Signal Processing (ICASSP)},
	title		= {Deep neural networks employing Multi-Task Learning and stacked bottleneck features for speech synthesis},
	year		= {2015},
	pages		= {4460-4464},
	keywords	= {learning (artificial intelligence);neural nets;speech synthesis;complex mapping;deep neural networks;hidden representation;multitask learning;speech acoustic feature;stacked bottleneck features;text based linguistic feature;text-to-speech synthesis;Acoustics;Context;Hidden Markov models;Neural networks;Pragmatics;Speech;Speech synthesis;Speech synthesis;acoustic model;bottleneck feature;deep neural network;multi-task learning},
	doi			= {10.1109/ICASSP.2015.7178814},
	ISSN		= {1520-6149},
	month		= {April},
}

@INPROCEEDINGS{joo:efficient,
	author		= {Y. S. Joo and W. S. Jun and H. G. Kang},
	booktitle	= {2016 Asia-Pacific Signal and Information Processing Association Annual Summit and Conference (APSIPA)},
	title		= {Efficient deep neural networks for speech synthesis using bottleneck features},
	year		= {2016},
	pages		= {1-4},
	keywords	= {learning (artificial intelligence);neural nets;speech synthesis;bottleneck features;bottleneck-to-speech model;deep neural networks;mapping rule;speech synthesis;text-to-bottleneck model;training database;Acoustics;Data models;Databases;Feature extraction;Pragmatics;Speech synthesis;Training},
	doi			= {10.1109/APSIPA.2016.7820721},
	month		= {Dec},
}

@INPROCEEDINGS{qian:training,
	author		= {Y. Qian and Y. Fan and W. Hu and F. K. Soong},
	booktitle	= {2014 IEEE International Conference on Acoustics, Speech and Signal Processing (ICASSP)},
	title		= {On the training aspects of Deep Neural Network (DNN) for parametric TTS synthesis},
	year		= {2014},
	pages		= {3829-3833},
	keywords	= {backpropagation;feature extraction;neural nets;speech synthesis;DNN training;HMM;acoustic features;backpropagation;deep neural network;diagonal Gaussian probability family;hidden Markov model;hyperbolic tangent activation function;layer-wise BP pretraining;objective measure;parametric TTS synthesis;sigmoidal function;subjective measure;text features;text-to-speech synthesis;Acoustics;Conferences;Decision support systems;Speech;Speech processing;DNN;HMM;Speech Synthesis;TTS},
	doi			= {10.1109/ICASSP.2014.6854318},
	ISSN		= {1520-6149},
	month		= {May},}

@inproceedings{fan:tts,
	author		= {Yuchen Fan and	Yao Qian and Feng{-}Long Xie and Frank K. Soong},
	title		= {{TTS} synthesis with bidirectional {LSTM} based recurrent neural networks},
	booktitle 	= {{INTERSPEECH} 2014, 15th Annual Conference of the International Speech
	Communication Association, Singapore, September 14-18, 2014},
	pages		= {1964--1968},
	year		= {2014},
	crossref	= {DBLP:conf/interspeech/2014},
	url			= {http://www.isca-speech.org/archive/interspeech_2014/i14_1964.html},
	timestamp	= {Mon, 30 Jan 2017 12:13:12 +0100},
	biburl		= {http://dblp.dagstuhl.de/rec/bib/conf/interspeech/FanQXS14},
	bibsource	= {dblp computer science bibliography, http://dblp.org}
}

@INPROCEEDINGS{hashimoto:effect,
	author		= {K. Hashimoto and K. Oura and Y. Nankaku and K. Tokuda},
	booktitle	= {2015 IEEE International Conference on Acoustics, Speech and Signal Processing (ICASSP)},
	title		= {The effect of neural networks in statistical parametric speech synthesis},
	year		= {2015},
	pages		= {4455-4459},
	keywords	= {neural nets;speech synthesis;statistical analysis;acoustic models;deep neural networks;generative models;parameter generation;statistical parametric speech synthesis;Artificial neural networks;Hidden Markov models;Speech;Statistical parametric speech synthesis;deep neural network;hidden Markov model},
	doi			= {10.1109/ICASSP.2015.7178813},
	ISSN		= {1520-6149},
	month		= {April},
}

@INPROCEEDINGS{kadetotad:efficient,
	author		= {D. Kadetotad and S. Arunachalam and C. Chakrabarti and Jae-sun Seo},
	booktitle	= {2016 IEEE/ACM International Conference on Computer-Aided Design (ICCAD)},
	title		= {Efficient memory compression in deep neural networks using coarse-grain sparsification for speech applications},
	year		= {2016},
	pages		= {1-8},
	keywords	= {learning (artificial intelligence);power aware computing;speech recognition;CGS;DNN training;MAC engine;automatic speech recognition;coarse-grain sparsification;deep neural network;hardware-aware sparsity;hardware-centric methodology;low power neural network design;memory compression;shared multiply and accumulate;speech application;time-multiplexed architecture;Biological neural networks;Hardware;Hidden Markov models;Memory management;Neurons;Speech recognition;Training;Speech recognition;deep neural networks;keyword detection;low power design;memory compression},
	doi			= {10.1145/2966986.2967028},
	month		= {Nov},
}

@INPROCEEDINGS{xing:speeding,
	author		= {A. Xing and X. Jin and T. Li and X. Wang and J. Pan and Y. Yan},
	booktitle	= {2014 10th International Conference on Natural Computation (ICNC)},
	title		= {Speeding up deep neural networks for speech recognition on ARM Cortex-A series processors},
	year		= {2014},
	pages		= {123-127},
	keywords	= {Gaussian processes;singular value decomposition;speech recognition;ARM cortex-A series processors;DNN;GMM;Gaussian mixture model;NEON instructions;SVD reconstruction;deep neural networks;embedded platform;singular value decomposition;speech recognition;speech recognizer;Accuracy;Computational modeling;Hidden Markov models;Neural networks;Speech;Speech recognition;Vectors},
	doi			= {10.1109/ICNC.2014.6975821},
	ISSN		= {2157-9555},
	month		= {Aug},
}

@ARTICLE{li:survey, 
	author		= {Deng, Li},
	title		= {A tutorial survey of architectures, algorithms, and applications for deep learning},
	journal		= {APSIPA Transactions on Signal and Information Processing},
	volume		= {3}, 
	DOI			= {10.1017/atsip.2013.9},
	publisher	= {Cambridge University Press},
	year		= {2014},
	month 		= {January},
}

@ARTICLE{ling:deep,
	author		= {Z. H. Ling and S. Y. Kang and H. Zen and A. Senior and M. Schuster and X. J. Qian and H. M. Meng and L. Deng},
	journal		= {IEEE Signal Processing Magazine},
	title		= {Deep Learning for Acoustic Modeling in Parametric Speech Generation: A systematic review of existing techniques and future trends},
	year		= {2015},
	volume		= {32},
	number		= {3},
	pages		= {35-52},
	keywords	= {Gaussian processes;acoustic signal processing;hidden Markov models;mixture models;neural nets;speech recognition;ASR;DNN;GMM;Gaussian mixture models;HMM;acoustic features;acoustic modeling;acoustic models;automatic speech recognition;burgeoning area;deep learning;deep neural networks;hidden Markov models;high-level symbolic inputs;human speech production;intermediate acoustic feature sequences;low-level speech waveforms;parametric speech generation;statistical parametric approach;Acoustic signal detection;Gaussian mixture models;Hidden Markov models;Speech processing;Speech recognition;Speech synthesis;Vocoders},
	doi			= {10.1109/MSP.2014.2359987},
	ISSN		= {1053-5888},
	month		= {May},
}

@article{zen:statistical,
	title 		= {Statistical parametric speech synthesis},
	journal 	= {Speech Communication},
	volume 		= {51},
	number 		= {11},
	pages 		= {1039 - 1064},
	year 		= {2009},
	month		= {April},
	issn 		= {0167-6393},
	doi 		= {https://doi.org/10.1016/j.specom.2009.04.004},
	url 		= {http://www.sciencedirect.com/science/article/pii/S0167639309000648},
	author 		= {Heiga Zen and Keiichi Tokuda and Alan W. Black},
	keywords 	= {Speech synthesis},
	keywords 	= {Unit selection},
	keywords 	= {Hidden Markov models},
}

@ONLINE{gartner:assistants,
	title		= {Survey on usage of virtual personal assistants by Gartner},
	url			= {http://www.gartner.com/newsroom/id/3551217},
	year		= {2017},
	month		= {May},
	day			= {22},
}


%% Delete these references after removing the sample text -------------------------

@ARTICLE{bowman:reasoning,
    author = {Bowman, Mic and Debray, Saumya K. and Peterson, Larry L.},
    title = {Reasoning About Naming Systems},
    journal = {ACM Trans. Program. Lang. Syst.},
    volume = {15},
    number = {5},
    pages = {795-825},
    month = {November},
    year = {1993},
    doi = {10.1145/161468.161471},
}

@INPROCEEDINGS{clark:pct,
	AUTHOR = "Malcolm Clark",
	TITLE = "Post Congress Tristesse",
	BOOKTITLE = "TeX90 Conference Proceedings",
	PAGES = "84-89",
	ORGANIZATION = "TeX Users Group",
	MONTH = "March", 
	YEAR = {1991}	}

@BOOK{salas:calculus,
	AUTHOR = "S.L. Salas and Einar Hille",
	TITLE = "Calculus: One and Several Variable",
	PUBLISHER = "John Wiley and Sons",
	ADDRESS = "New York",
	YEAR = "1978"	}

@MANUAL{Fear05,
  title = 	 {Publication quality tables in {\LaTeX}},
  author =	 {Simon Fear},
  month =	 {April},
  year =	 2005,
  note =	 {\url{http://www.ctan.org/pkg/booktabs}}
}

